@book{bishop2006pattern,
  title={Pattern Recognition and Machine Learning},
  author={Christopher M. Bishop},
  year={2006},
  publisher={Springer}
}

@book{murphy2012machine,
  title={Machine Learning: A Probabilistic Perspective},
  author={Kevin P. Murphy},
  year={2012},
  publisher={The MIT Press}
}
